{
  "leader": "03309cam a2200565Ia 4500",
  "fields": [
    {
      "001": "ocm60514928\\"
    },
    {
      "003": "OCoLC"
    },
    {
      "005": "20230106150021.0"
    },
    {
      "008": "050513s2005\\\\\\\\dcuc\\\\\\\\\\b\\\\\\\\001\\0beng\\\\"
    },
    {
      "010": {
        "ind1": "\\",
        "ind2": "\\",
        "subfields": [
          {
            "a": "  2005013767"
          }
        ]
      }
    },
    {
      "040": {
        "ind1": "\\",
        "ind2": "\\",
        "subfields": [
          {
            "a": "DLC"
          },
          {
            "b": "eng"
          },
          {
            "c": "DLC"
          },
          {
            "d": "UKM"
          },
          {
            "d": "NTD"
          },
          {
            "d": "BAKER"
          },
          {
            "d": "NLM"
          },
          {
            "d": "OSU"
          },
          {
            "d": "VP@"
          },
          {
            "d": "NLGGC"
          },
          {
            "d": "YDXCP"
          },
          {
            "d": "BTCTA"
          },
          {
            "d": "LVB"
          },
          {
            "d": "CUD"
          },
          {
            "d": "IG#"
          },
          {
            "d": "ILU"
          },
          {
            "d": "BDX"
          },
          {
            "d": "OCLCF"
          },
          {
            "d": "EUW"
          },
          {
            "d": "NJR"
          },
          {
            "d": "OCLCQ"
          },
          {
            "d": "OCLCO"
          },
          {
            "d": "OCLCA"
          },
          {
            "d": "JDP"
          },
          {
            "d": "OCLCO"
          },
          {
            "d": "UKMGB"
          },
          {
            "d": "OCL"
          },
          {
            "d": "OCLCA"
          },
          {
            "d": "OCLCQ"
          },
          {
            "d": "OCLCO"
          }
        ]
      }
    },
    {
      "016": {
        "ind1": "7",
        "ind2": "\\",
        "subfields": [
          {
            "a": "101257679"
          },
          {
            "2": "DNLM"
          }
        ]
      }
    },
    {
      "016": {
        "ind1": "7",
        "ind2": "\\",
        "subfields": [
          {
            "a": "013251015"
          },
          {
            "2": "Uk"
          }
        ]
      }
    },
    {
      "019": {
        "ind1": "\\",
        "ind2": "\\",
        "subfields": [
          {
            "a": "1022587220"
          }
        ]
      }
    },
    {
      "020": {
        "ind1": "\\",
        "ind2": "\\",
        "subfields": [
          {
            "a": "9781555813406"
          }
        ]
      }
    },
    {
      "020": {
        "ind1": "\\",
        "ind2": "\\",
        "subfields": [
          {
            "a": "1555813402"
          }
        ]
      }
    },
    {
      "024": {
        "ind1": "3",
        "ind2": "\\",
        "subfields": [
          {
            "a": "9781555813406"
          }
        ]
      }
    },
    {
      "035": {
        "ind1": "\\",
        "ind2": "\\",
        "subfields": [
          {
            "a": "(OCoLC)60514928"
          },
          {
            "z": "(OCoLC)1022587220"
          }
        ]
      }
    },
    {
      "042": {
        "ind1": "\\",
        "ind2": "\\",
        "subfields": [
          {
            "a": "pcc"
          }
        ]
      }
    },
    {
      "050": {
        "ind1": "0",
        "ind2": "0",
        "subfields": [
          {
            "a": "QR31.D83"
          },
          {
            "b": "M63 2005"
          }
        ]
      }
    },
    {
      "082": {
        "ind1": "0",
        "ind2": "0",
        "subfields": [
          {
            "a": "579.092"
          },
          {
            "b": "MOB"
          }
        ]
      }
    },
    {
      "100": {
        "ind1": "1",
        "ind2": "\\",
        "subfields": [
          {
            "a": "Moberg, Carol L."
          }
        ]
      }
    },
    {
      "245": {
        "ind1": "1",
        "ind2": "0",
        "subfields": [
          {
            "a": "Rene\u0301 Dubos, friend of the good earth :"
          },
          {
            "b": "microbiologist, medical scientist, environmentalist /"
          },
          {
            "c": "Carol L. Moberg."
          }
        ]
      }
    },
    {
      "260": {
        "ind1": "\\",
        "ind2": "\\",
        "subfields": [
          {
            "a": "Washington, D.C. :"
          },
          {
            "b": "ASM Press,"
          },
          {
            "c": "\u00a92005."
          }
        ]
      }
    },
    {
      "300": {
        "ind1": "\\",
        "ind2": "\\",
        "subfields": [
          {
            "a": "xi, 260 pages :"
          },
          {
            "b": "portraits ;"
          },
          {
            "c": "23 cm"
          }
        ]
      }
    },
    {
      "336": {
        "ind1": "\\",
        "ind2": "\\",
        "subfields": [
          {
            "a": "text"
          },
          {
            "b": "txt"
          },
          {
            "2": "rdacontent"
          }
        ]
      }
    },
    {
      "337": {
        "ind1": "\\",
        "ind2": "\\",
        "subfields": [
          {
            "a": "unmediated"
          },
          {
            "b": "n"
          },
          {
            "2": "rdamedia"
          }
        ]
      }
    },
    {
      "338": {
        "ind1": "\\",
        "ind2": "\\",
        "subfields": [
          {
            "a": "volume"
          },
          {
            "b": "nc"
          },
          {
            "2": "rdacarrier"
          }
        ]
      }
    },
    {
      "504": {
        "ind1": "\\",
        "ind2": "\\",
        "subfields": [
          {
            "a": "Includes bibliographical references and index."
          }
        ]
      }
    },
    {
      "505": {
        "ind1": "0",
        "ind2": "\\",
        "subfields": [
          {
            "a": "Orchestral relationships and soil microbes -- Domesticating microbes -- Tuberculosis and dilemmas of modern medicine -- Mirage of health: infection versus disease -- Toward a science of human nature -- Health as creative adaptation."
          }
        ]
      }
    },
    {
      "520": {
        "ind1": "1",
        "ind2": "\\",
        "subfields": [
          {
            "a": "\"Rene Dubos, Friend of the Good Earth: Microbiologist, Medical Scientist, Environmentalist is a biography of one of the most influential scientists in recent history. Documenting his life from his birth in 1901 to his death in 1982, this book examines the intriguing career of Dubos and his impact on science, medicine, society, and the environment.\""
          }
        ]
      }
    },
    {
      "520": {
        "ind1": "8",
        "ind2": "\\",
        "subfields": [
          {
            "a": "\"Dubos' science is presented in the context of twentieth-century biology, medicine, and ecology. The ecological approach that led to his discovery of the first antibiotic was the foundation of his career as a medical scientist and environmentalist. The issues he raised, including antibiotic resistance, the interrelatedness of environmental health to human health, and the potential danger of relying too heavily on vaccines and drugs to eradicate disease, continue to be provocative and increasingly relevant today. A prolific author and a passionate humanist, Dubos served as the conscience of the environmental movement and coined the popular motto \"Think globally, act locally.\"\"--Jacket."
          }
        ]
      }
    },
    {
      "600": {
        "ind1": "1",
        "ind2": "0",
        "subfields": [
          {
            "a": "Dubos, Rene\u0301 J."
          },
          {
            "q": "(Rene\u0301 Jules),"
          },
          {
            "d": "1901-1982."
          }
        ]
      }
    },
    {
      "650": {
        "ind1": "\\",
        "ind2": "0",
        "subfields": [
          {
            "a": "Microbiologists"
          },
          {
            "v": "Biography."
          }
        ]
      }
    },
    {
      "650": {
        "ind1": "\\",
        "ind2": "0",
        "subfields": [
          {
            "a": "Ecologists"
          },
          {
            "v": "Biography."
          }
        ]
      }
    },
    {
      "650": {
        "ind1": "\\",
        "ind2": "0",
        "subfields": [
          {
            "a": "Soil microbiology."
          }
        ]
      }
    },
    {
      "650": {
        "ind1": "\\",
        "ind2": "0",
        "subfields": [
          {
            "a": "Ecology."
          }
        ]
      }
    },
    {
      "600": {
        "ind1": "1",
        "ind2": "2",
        "subfields": [
          {
            "a": "Dubos, Rene\u0301 J."
          },
          {
            "q": "(Rene\u0301 Jules),"
          },
          {
            "d": "1901-1982."
          }
        ]
      }
    },
    {
      "650": {
        "ind1": "1",
        "ind2": "2",
        "subfields": [
          {
            "a": "Soil Microbiology"
          }
        ]
      }
    },
    {
      "650": {
        "ind1": "2",
        "ind2": "2",
        "subfields": [
          {
            "a": "Ecology"
          }
        ]
      }
    },
    {
      "600": {
        "ind1": "1",
        "ind2": "7",
        "subfields": [
          {
            "a": "Dubos, Rene\u0301 J."
          },
          {
            "q": "(Rene\u0301 Jules),"
          },
          {
            "d": "1901-1982"
          },
          {
            "2": "fast"
          },
          {
            "0": "(OCoLC)fst00046851"
          }
        ]
      }
    },
    {
      "650": {
        "ind1": "\\",
        "ind2": "7",
        "subfields": [
          {
            "a": "Ecologists."
          },
          {
            "2": "fast"
          },
          {
            "0": "(OCoLC)fst00901474"
          }
        ]
      }
    },
    {
      "650": {
        "ind1": "\\",
        "ind2": "7",
        "subfields": [
          {
            "a": "Microbiologists."
          },
          {
            "2": "fast"
          },
          {
            "0": "(OCoLC)fst01019574"
          }
        ]
      }
    },
    {
      "655": {
        "ind1": "\\",
        "ind2": "2",
        "subfields": [
          {
            "a": "Biography"
          }
        ]
      }
    },
    {
      "655": {
        "ind1": "\\",
        "ind2": "7",
        "subfields": [
          {
            "a": "Biographies."
          },
          {
            "2": "fast"
          },
          {
            "0": "(OCoLC)fst01919896"
          }
        ]
      }
    },
    {
      "655": {
        "ind1": "\\",
        "ind2": "7",
        "subfields": [
          {
            "a": "Biographies."
          },
          {
            "2": "lcgft"
          }
        ]
      }
    },
    {
      "856": {
        "ind1": "4",
        "ind2": "1",
        "subfields": [
          {
            "3": "Table of contents"
          },
          {
            "u": "http://catdir.loc.gov/catdir/toc/ecip0513/2005013767.html"
          }
        ]
      }
    },
    {
      "994": {
        "ind1": "\\",
        "ind2": "\\",
        "subfields": [
          {
            "a": "Z0"
          },
          {
            "b": "NYRVC"
          }
        ]
      }
    },
    {
      "948": {
        "ind1": "\\",
        "ind2": "\\",
        "subfields": [
          {
            "h": "NO HOLDINGS IN NYRVC - 257 OTHER HOLDINGS"
          }
        ]
      }
    },
    {
      "999": {
        "ind1": "\\",
        "ind2": "\\",
        "subfields": [
          {
            "a": "00000000013088"
          }
        ]
      }
    }
  ]
}